#Colocar aqui as referências no formato bibtex (disponível no google scholar, ieee, e demais sites de artigos acadêmicos)

@inproceedings{lopes2014elastic,
  title={Elastic Beam Vibration Control With Phase-Locked Loop},
  author={Lopes, Guilherme Cano and Bueno, Atila Madureira and Balthazar, Jos{\'e} Manoel},
  booktitle={ASME 2014 International Mechanical Engineering Congress and Exposition},
  pages={V04BT04A026--V04BT04A026},
  year={2014},
  organization={American Society of Mechanical Engineers}
}
